% !TEX encoding = UTF-8

@online{TerraformDocs,
  author       = {HashiCorp},
  title        = {Terraform Documentation},
  url          = {https://developer.hashicorp.com/terraform/docs},
  urldate      = {2025-03-28}
}

@online{AnsibleDocs,
  author       = {Red Hat},
  title        = {Ansible Documentation},
  url          = {https://docs.ansible.com/ansible/latest/getting_started/index.html},
  urldate      = {2025-03-28}
}

@article{CloudcomputingCarticle,
  author       = {J. GÃ¼nther and CP Praeg},
  title        = {Bedeutung und Management von Cloud Computing, Multi-Cloud und Cloud Brokerage in Unternehmen},
  journal      = {Cloud Computing Journal},
  doi          = {10.1365/s40702-023-00991-z},
  year         = {2023}
}

@online{ProCloud,
  author       = {IBM},
  title        = {Was sind die Vorteile von Cloud-Computing?},
  url          = {https://www.ibm.com/de-de/topics/cloud-computing-benefits},
  urldate      = {2025-03-28}
}

@article{mell2011nist,
  author    = {Peter Mell and Timothy Grance},
  title     = {The {NIST} Definition of Cloud Computing},
  year      = {2011},
  month     = sep,
  series    = {{NIST} Special Publication},
  number    = {800-145},
  publisher = {National Institute of Standards and Technology},
  doi       = {10.6028/NIST.SP.800-145},
  url       = {https://doi.org/10.6028/NIST.SP.800-145}
}

@book{hurwitz2010cloud,
  author    = {Judith Hurwitz and Robin Bloor and Marcia Kaufman and Fern Halper},
  title     = {Cloud Computing For Dummies},
  year      = {2010},
  publisher = {John Wiley \& Sons},
  isbn      = {978-0-470-59001-9}
}

@article{zhang2010towards,
  author    = {Qinghua Zhang and Lu Cheng and Raouf Boutaba},
  title     = {Cloud computing: state-of-the-art and research challenges},
  journal   = {Journal of Internet Services and Applications},
  year      = {2010},
  volume    = {1},
  number    = {1},
  pages     = {7--18},
  doi       = {10.1007/s13174-010-0001-x}
}
